@book{kopka1991latex,
	author = {Kopka, Helmut and Rahtz, Sebastian},
	publisher = {Addison-Wesley},
	title = {LaTeX: Einf\"{u}hrung},
	volume = {2},
	year = {1991}
}

@online{latexKomp,
	lastchecked = {2014-09-14},
	title = {LaTeX-Kompendium -- Wikibooks, Sammlung freier Lehr-, Sach- und Fachb\"{u}cher},
	url = {http://de.wikibooks.org/wiki/LaTeX-Kompendium},
    key = {LaTeX-Kompendium}
}

@online{quelle,
	lastchecked = {2014-09-01},
	title = {Quellenangabe -- Wikipedia},
	url = {http://de.wikipedia.org/wiki/Quellenangabe#.C3.96sterreich},
    key = {Quellenangabe}
}

@online{wiki:quelle,
	author = {Wikipedia},
	lastchecked = {2014-09-14},
	title = {Quellenangabe --- Wikipedia{,} Die freie Enzyklopädie},
	url = {http://de.wikipedia.org/w/index.php?title=Quellenangabe&oldid=131343956},
    key = {Quellenangabe}
}

@online{ wiki:zitat,
   author = "Wikipedia",
   title = "Zitat --- Wikipedia{,} Die freie Enzyklopädie",
   url = "http://de.wikipedia.org/w/index.php?title=Zitat&oldid=134064196",
   lastchecked = "2014-09-14",
   key = {Zitat --- Wikipedia}
 }

@online{ris57,
	lastchecked = {2014-09-14},
	title = {Urheberrechtsgesetz},
	url = {http://www.ris.bka.gv.at/Dokumente/Bundesnormen/NOR40041632/NOR40041632.html},
    key = {Urheberrechtsgesetz}
}

@article{dittrich,
	author = {Dittrich, Robert},
	isbn = {3406516831},
	journal = {Urheberrecht im Informationszeitalter. Festschrift f\"{u}r Wilhelm Nordemann.},
	location = {M\"{u}nchen},
	pages = {617--624},
	title = {Zur Quellenangabe bei Zitaten.},
	year = {2004},
    key = {Quellenangabe bei Zitaten}
}

@online{layout,
  lastchecked = {2014-09-17},
  url = {http://www.siart.de/typografie/latextipps.xhtml#layout},
  title = {LaTeX-Tipps},
  key = {LaTeX-Tipps}
}

@online{listingtipp,
  lastchecked = {2014-09-17},
  url = {http://uweziegenhagen.de/?p=1500},
  title={LaTeX: Umlaute in utf8 Listings korrekt ausgeben},
  key = {LaTeX: Umlaute in utf8 Listings korrekt ausgeben}
}

@online{hagenberg,
lastchecked = {2016-10-09},
url = {https://github.com/Digital-Media/HagenbergThesis},
title={Hagenberg LaTeX Thesis Template},
key = {Hagenberg LaTeX Thesis Template}
}

@online{leitfaden,
lastchecked = { 2018-04-24 },
url = { https://moodle.htl.rennweg.at/MoodleKurs-Matura/HTL_RDP-AP_Leitfaden.pdf },
title = { Reife- und Diplomprüfung, Abschlussprüfung an technischen, gewerblichen und kunstgewerblichen Lehranstalten },
key = {Reife- und Diplomprüfung}
}

@online{zitate,
lastchecked = { 2020-02-11 },
url = { http://www.diplomarbeiten-bbs.at/hinweise-zum-wissenschaftlichen-arbeiten/zitation-plagiate },
title = { Zitation - Plagiate },
key = {Zitation - Plagiate}
}



